%
@ARTICLE{fao:fao1,
	AUTHOR = "",
	TITLE = "2050: A third more mouths to feed",
	JOURNAL = "http://www.fao.org/news/story/en/item/35571/icode/"
}
%
@ARTICLE{bcm:bcm1,
	AUTHOR = "",
	TITLE = "Beecham Research Ltd.: M2M solutions",
	JOURNAL = "http://www.beechamresearch.com/"
}
%
@ARTICLE{telosb:telosb,
	AUTHOR = "",
	TITLE = "The TPR2420 WSN node",
	JOURNAL = "http://www.memsic.com/wireless-sensor-networks/TPR2420/"
}
%
@ARTICLE{rpi:rpi2,
	AUTHOR = "",
	TITLE = "Raspberry Pi: The Single board computer",
	JOURNAL = "https://www.raspberrypi.org/"
}
%
@ARTICLE{tinyos:tinyos,
	AUTHOR = "",
	TITLE = "TinyOS Repository",
	JOURNAL = "https://github.com/tinyos/"
}
%
@ARTICLE{nesc:nesc,
	AUTHOR="",
	TITLE="David Gay, Philip Levis, David Culler, Eric Brewer : nesC 1.1 Reference Manual",
	YEAR="May 2003"
}
%
@ARTICLE{zigbee:zigbee,
	AUTHOR="",
	TITLE="IEEE 802.15.4 for low rate Wireless Networks",
	JOURNAL="https://standards.ieee.org/about/get/802/802.15.html"
}
%
@ARTICLE{hist:hist,
	AUTHOR="",
	TITLE="Histogram Comparison",
	JOURNAL="http://docs.opencv.org/2.4/doc/tutorials/imgproc/histograms"
}
%
@ARTICLE{opencv:opencv,
	AUTHOR="",
	TITLE="Open Source Computer Vision",
	JOURNAL="http://opencv.org/"
}
%
@ARTICLE{vbox:vbox,
	AUTHOR="",
	TITLE="VirtualBox",
	JOURNAL="https://www.virtualbox.org/"
}
%
@ARTICLE{intel:intel,
	AUTHOR="",
	TITLE="Intel OpenCV Beta",
	JOURNAL="https://software.intel.com/en-us/articles/intel-opencv-beta"
}



