%
%Drones for search & rescue
%
@article{Kumar,
	author={G. Loianno and M. Watterson and V. Kumar},
	booktitle={2016 IEEE International Conference on Robotics and Automation (ICRA)},
	title={Visual inertial odometry for quadrotors on SE(3)},
	year={2016},
	pages={1544-1551},
	doi={10.1109/ICRA.2016.7487292},
	month={May},
}

@Misc{Intel,
	author={Intel Pint-size Mini PC},
	howpublished={\url{http://www.intel.com/content/www/us/en/nuc/overview.html}},
}

@Misc{pelican,
	author={Ascending Technologies: Pelican quadcopter},
	howpublished={\url{http://www.asctec.de/en/uav-uas-drones-rpas-roav/asctec-pelican}},
}

%
%Environmental Monitoring
%
@article{Pottie:2000:WIN:332833.332838,
	author = { Kaiser, W. J. and Rundel, P.},
	title = {Environmental Monitoring in the Costa Rican Rain Forest},
	journal = {Commun. ACM},
	issue_date = {May 2000},
	volume = {43},
	number = {5},
	month = may,
	year = {2000},
	issn = {0001-0782},
	pages = {51--58},
	numpages = {8},
	howpublished={\url{http://http://sine.ni.com/cs/app/doc/p/id/cs-11143#/}},
	doi = {10.1145/332833.332838},
	acmid = {332838},
	publisher = {ACM},
	address = {New York, NY, USA},
}
@Misc{CompactRIO,
	author={The CompactRIO Platform},
	title={http://www.ni.com/compactrio/},
}

@Misc{WAP3701,
	author={National Instruments wireless advantage},
	howpublished={\url{http://sine.ni.com/np/app/main/p/ap/global/lang/en/pg/1/sn/n24:Wireless/fmid/2986/}},
}

%
%Logistics
%
@Misc{libelium,
	author={Libelium: Platform provider for the Internet of Things},
	howpublished={\url{http://www.libelium.com/wireless_sensor_networks_m2m_logistics_operations/ }},
}

@Misc{libelium2,
	author={A. Bielsa, M. Boyd and A. As√≠n},
	title={Wireless Sensor Networks enhancing the efficiency and safety of logistics operations},
	howpublished={\url{http://www.libelium.com/wireless_sensor_networks_m2m_logistics_operations/ }},
}

@Misc{waspmote,
	author={Libelium},
	title={Waspmote sensors},
	howpublished={\url{http://www.libelium.com/products/waspmote }},
}
 
